
%% Created for Mark Reid at 2007-09-09 21:47:17 +1000 


%% Saved with string encoding Unicode (UTF-8) 



@electronic{LyX:2007,
	Author = {{The LyX Team}},
	Date-Added = {2007-09-09 21:45:15 +1000},
	Date-Modified = {2007-09-09 21:46:49 +1000},
	Month = {September},
	Title = {{LyX}: The Document Processor},
	Url = {http://www.lyx.org/},
	Year = {2007}}
