% This file was created with JabRef 2.5.
% Encoding: UTF8

@BOOK{Adachi1992,
  title = {Physical Properties of III-V Semiconductor Compounds},
  publisher = {Wiley},
  year = {1992},
  author = {Adachi, S.},
  owner = {Yossi Michaeli},
  timestamp = {2010.06.15}
}

@ARTICLE{Adachi1985,
  author = {Adachi, S.},
  title = {{GaAs, AlAs, and AlGaAs: Material Parameters for Use in Research
	and Device Applications}},
  journal = {Journal of Applied Physics},
  year = {1985},
  volume = {58},
  pages = {R1},
  owner = {Yossi Michaeli},
  timestamp = {2010.06.15}
}

@ARTICLE{Altarelli1983,
  author = {Altarelli, M.},
  title = {{Electronic structure and semiconductor-semimetal transition in InAs-GaSb
	superlattices}},
  journal = {Physical Review B},
  year = {1983},
  volume = {28},
  pages = {842},
  number = {2},
  publisher = {APS}
}

@BOOK{Andreani1995,
  title = {Confined Electrons and Photons: New Physics and Applications},
  publisher = {Springer},
  year = {1995},
  editor = {Burstein, E. and and Weisbuch, C.},
  author = {Andreani, L. C.},
  pages = {918},
  owner = {Yossi Michaeli},
  timestamp = {2010.04.15}
}

@ARTICLE{Andreani1990,
  author = {Andreani, L. C. and Pasquarello, A.},
  title = {Accurate theory of excitons in GaAs-Ga1-xAlxAs quantum wells},
  journal = {Phys. Rev. Lett. B},
  year = {1990},
  volume = {42},
  pages = {8928},
  owner = {Yossi Michaeli},
  timestamp = {2010.04.15}
}

@ARTICLE{Andreani1987,
  author = {Andreani, L. C. and Pasquarello, A. and Bassani, F.},
  title = {{Hole subbands in strained GaAs-Ga1-xAlxAs quantum wells: Exact solution
	of the effective-mass equation}},
  journal = {Physical Review B},
  year = {1987},
  volume = {36},
  pages = {5887},
  number = {11},
  shorttitle = {Hole subbands in strained GaAs-Ga1-xAlxAs quantum }
}

@ARTICLE{Aspnes1980,
  author = {Aspnes, D. E.},
  title = {{Handbook on Semiconductors}},
  journal = {Edited by M. Balkanski (North Holland, New York)},
  year = {1980},
  volume = {1},
  publisher = {W.Paul}
}

@ARTICLE{Aspnes1986,
  author = {Aspnes, D. E. and Kelso, S. M. and Logan, R. A. and Bhat, R.},
  title = {Optical properties of AlGaAs},
  journal = {Journal of Applied Physics},
  year = {1986},
  volume = {60},
  pages = {754},
  owner = {Yossi Michaeli},
  timestamp = {2010.06.20}
}

@ARTICLE{Bastard1988,
  author = {Bastard, G.},
  title = {{Wave mechanics applied to semiconductor heterostructures}},
  journal = {New York},
  year = {1988},
  publisher = {Les ֲ´editions de Physique}
}

@ARTICLE{Bastard1982,
  author = {Bastard, G.},
  title = {{Theoretical investigations of superlattice band structure in the
	envelope-function approximation}},
  journal = {Physical Review B},
  year = {1982},
  volume = {25},
  pages = {7584},
  number = {12},
  publisher = {APS}
}

@ARTICLE{Bastard1981,
  author = {Bastard, G.},
  title = {{Superlattice band structure in the envelope-function approximation}},
  journal = {Physical Review B},
  year = {1981},
  volume = {24},
  pages = {5693},
  number = {10}
}

@BOOK{Basu2002,
  title = {{Theory of Optical Processes in Semiconductors}},
  publisher = {Oxford University Press},
  year = {2002},
  author = {Basu, P. K.},
  pages = {470}
}

@ARTICLE{BenDaniel1966,
  author = {BenDaniel, D. J. and Duke, C. B.},
  title = {{Space-charge effects on electron tunneling}},
  journal = {Physical Review},
  year = {1966},
  volume = {152},
  pages = {683},
  number = {2},
  publisher = {APS}
}

@ARTICLE{Binder1995,
  author = {Binder, R.},
  title = {{Nonequilibrium semiconductor dynamics}},
  journal = {Progress in Quantum Electronics},
  year = {1995},
  volume = {19},
  pages = {30},
  issn = {0079-6727}
}

@ARTICLE{Binder1992,
  author = {Binder, R. and Scott, D. and Paul, A. E. and Lindberg, M. and Henneberger,
	K. and Koch, S. W.},
  title = {{Carrier-carrier scattering and optical dephasing in highly excited
	semiconductors}},
  journal = {Physical Review B},
  year = {1992},
  volume = {45},
  pages = {1107},
  number = {3},
  publisher = {APS}
}

@BOOK{Bir1974,
  title = {{Symmetry and strain-induced effects in semiconductors}},
  publisher = {Wiley},
  year = {1974},
  author = {Bir, G.L. and Pikus, G.E.},
  address = {New York}
}

@BOOK{Born2002,
  title = {{Principles of Optics: Electromagnetic Theory of Propagation, Interference
	and Diffraction of Light}},
  publisher = {Cambridge University Press},
  year = {2002},
  author = {Born, M. and Wolf, E.},
  edition = {7th}
}

@ARTICLE{broido_effective_1985,
  author = {Broido, D. A. and Sham, L. J.},
  title = {{Effective masses of holes at GaAs-AlGaAs heterojunctions}},
  journal = {Physical Review B},
  year = {1985},
  volume = {31},
  pages = {888},
  number = {2}
}

@ARTICLE{Burstein1954,
  author = {Burstein, E.},
  title = {Anomalous Optical Absorption Limit in InSb},
  journal = {Phys. Rev.},
  year = {1954},
  volume = {93},
  pages = {632},
  number = {3},
  month = {Feb},
  numpages = {1},
  publisher = {American Physical Society}
}

@ARTICLE{Burt1999,
  author = {Burt, M. G.},
  title = {{Fundamentals of envelope function theory for electronic states and
	photonic modes in nanostructures}},
  journal = {Journal of Physics: Condensed Matter},
  year = {1999},
  volume = {11},
  pages = {53},
  number = {9},
  publisher = {Institute of Physics Publishing}
}

@ARTICLE{Burt1995,
  author = {Burt, M. G.},
  title = {{Breakdown of the atomic dipole approximation for the quantum well
	interband dipole matrix element}},
  journal = {Semiconductor Science and Technology},
  year = {1995},
  volume = {10},
  pages = {412},
  number = {4},
  publisher = {Institute of Physics Publishing}
}

@ARTICLE{Burt1994,
  author = {Burt, M. G.},
  title = {{Direct derivation of effective-mass equations for microstructures
	with atomically abrupt boundaries}},
  journal = {Physical Review B},
  year = {1994},
  volume = {50},
  pages = {7518},
  number = {11}
}

@ARTICLE{Burt1993,
  author = {Burt, M. G.},
  title = {{The evaluation of the matrix element for interband optical transitions
	in quantum wells using envelope functions}},
  journal = {Journal of Physics: Condensed Matter},
  year = {1993},
  volume = {5},
  pages = {4091},
  number = {24}
}

@ARTICLE{Burt1992,
  author = {Burt, M. G.},
  title = {{The justification for applying the effective-mass approximation
	to microstructures}},
  journal = {Journal of Physics: Condensed Matter},
  year = {1992},
  volume = {4},
  pages = {6651},
  number = {32},
  publisher = {Institute of Physics Publishing}
}

@ARTICLE{Burt1988,
  author = {Burt, M. G.},
  title = {{A new effective-mass equation for microstructures}},
  journal = {Semiconductor Science and Technology},
  year = {1988},
  volume = {3},
  pages = {1224},
  number = {12},
  publisher = {Institute of Physics Publishing}
}

@ARTICLE{Chao1992a,
  author = {Chao, C. Y. and Chuang, S. L.},
  title = {Spin-orbit-coupling effects on the valence-band structure of strained
	semiconductor quantum wells},
  journal = {Phys. Rev. B},
  year = {1992},
  volume = {46},
  pages = {4110},
  number = {7},
  month = {Aug},
  doi = {10.1103/PhysRevB.46.4110},
  numpages = {12},
  publisher = {American Physical Society}
}

@ARTICLE{Chao1992,
  author = {Chao, C. Y. P. and Chuang, S. L.},
  title = {{Spin-orbit-coupling effects on the valence-band structure of strained
	semiconductor quantum wells}},
  journal = {Physical Review B},
  year = {1992},
  volume = {46},
  pages = {4110},
  number = {7},
  publisher = {APS}
}

@ARTICLE{Chow1999,
  author = {Chow, W. W.},
  title = {{Calculation of Quantum Well Laser Gain Spectra}},
  journal = {Optics Express},
  year = {1999},
  volume = {2},
  pages = {119}
}

@BOOK{Chow,
  title = {{Semiconductor-laser fundamentals: physics of the gain materials}},
  publisher = {Springer},
  year = {1999},
  author = {Chow, W. W. and Koch, S. W.},
  pages = {246},
  edition = {1st}
}

@BOOK{Chow1994,
  title = {{Semiconductor-laser physics}},
  publisher = {Springer-Verlag New York, Inc. New York, NY, USA},
  year = {1994},
  author = {Chow, W. W. and Koch, S. W. and {Sargent III}, M.}
}

@ARTICLE{Chow2002,
  author = {Chow, W. W. and Schneider, H. C.},
  title = {{The application of gain theory to vertical-cavity surface-emitting
	lasers}},
  journal = {MRS bulletin},
  year = {2002},
  volume = {27},
  pages = {525--530},
  number = {7}
}

@BOOK{Chuang1995,
  title = {{Physics of Optoelectronic Devices}},
  publisher = {Wiley-Interscience},
  year = {1995},
  author = {Chuang, S. L.}
}

@ARTICLE{Chuang1991,
  author = {Chuang, S. L.},
  title = {{Exciton Green's-Function Approach to Optical Absorbtion in a Quantum
	Well with an Applied Electric Field}},
  journal = {Physical Review B},
  year = {1991},
  volume = {43},
  pages = {1500}
}

@ARTICLE{Chuang1991a,
  author = {Chuang, S. L.},
  title = {Efficient band-structure calculations of strained quantum wells},
  journal = {Phys. Rev. B},
  year = {1991},
  volume = {43},
  pages = {9649},
  number = {12},
  month = {Apr},
  doi = {10.1103/PhysRevB.43.9649},
  numpages = {12},
  publisher = {American Physical Society}
}

@ARTICLE{Chuang1991c,
  author = {Chuang, S. L.},
  title = {{Efficient band-structure calculations of strained quantum wells}},
  journal = {Physical Review B},
  year = {1991},
  volume = {43},
  pages = {9649}
}

@ARTICLE{Chuang1990b,
  author = {Chuang, S. L.},
  title = {{Optical Gain and Gain Suppression of Quantum-Well Lasers with Valence
	Band Mixing}},
  journal = {IEEE Journal of Quantum Electronics},
  year = {1990},
  volume = {26},
  pages = {13}
}

@ARTICLE{Chuang1997,
  author = {Chuang, S. L. and Chang, C. S.},
  title = {{A band-structure model of strained quantum-well wurtzite semiconductors}},
  journal = {Semiconductor Science and Technology},
  year = {1997},
  volume = {12},
  pages = {252}
}

@ARTICLE{Cingolani1991,
  author = {Cingolani, R. and Ploog, K.},
  title = {Frequency and density dependent radiative recombination processes
	in III-V semiconductor quantum wells and superlattices},
  journal = {Advances in Physics},
  year = {1991},
  volume = {40},
  pages = {535},
  owner = {Yossi Michaeli},
  timestamp = {2010.06.29}
}

@MISC{Company2010,
  author = {Sopralab -- Thin Film Metrology Company},
  title = {N\&K database},
  year = {2010},
  url = {http://www.sopra-sa.com/index2.php?goto=dl\&rub=4}
}

@BOOK{Datta2005a,
  title = {{Quantum transport}},
  publisher = {Cambridge University Press},
  year = {2005},
  author = {Datta, S.},
  pages = {404}
}

@OTHER{Doe:2009:Online,
  author = {Doe, Ringo},
  month = jun,
  title = {This is a test entry of type {@ONLINE}},
  url = {http://www.test.org/doe/},
  year = {2009}
}

@ARTICLE{Dresselhaus1955a,
  author = {Dresselhaus, G.},
  title = {{Spin-Orbit Coupling Effects in Zinc Blende Structures}},
  journal = {Physical Review},
  year = {1955},
  volume = {100},
  pages = {580},
  number = {2}
}

@ARTICLE{Ehrenreich1959,
  author = {Ehrenreich, H. and Cohen, M. H.},
  title = {{Self-Consistent Field Approach to the Many-Electron Problem}},
  journal = {Physical Review},
  year = {1959},
  volume = {115},
  pages = {786},
  number = {4}
}

@ARTICLE{Ellmers1998,
  author = {Ellmers, C.},
  title = {{Gain Spectra of an InGaAs Single Qunatum-Well Laser Diode}},
  journal = {Phys. Stat. Sol. B},
  year = {1998},
  volume = {206},
  pages = {407}
}

@ARTICLE{enders_kp_1995,
  author = {Enders, P. and Borwolff, A. and Woerner, M. and Suisky, D.},
  title = {k.p theory of energy bands, wave functions, and optical selection
	rules in strained tetrahedral semiconductors},
  journal = {Physical Review B},
  year = {1995},
  volume = {51},
  pages = {16695},
  number = {23}
}

@ARTICLE{Eppenga1987,
  author = {Eppenga, R. and Schuurmans, M. F. H. and Colak, S.},
  title = {{New k.p theory for GaAs/Ga1-xA1xAs-type quantum wells}},
  journal = {Physical Review B},
  year = {1987},
  volume = {36},
  pages = {1554},
  number = {3}
}

@ARTICLE{Foreman1998a,
  author = {Foreman, B. A.},
  title = {{Analytical Envelope-Function Theory of Interface Band Mixing}},
  journal = {Physical Review Letters},
  year = {1998},
  volume = {81},
  pages = {425},
  number = {2}
}

@ARTICLE{Foreman1995b,
  author = {Foreman, B. A.},
  title = {{Exact effective-mass theory for heterostructures}},
  journal = {Physical Review B},
  year = {1995},
  volume = {52},
  pages = {12241},
  number = {16}
}

@ARTICLE{Foreman1993,
  author = {Foreman, B. A.},
  title = {{Effective-mass Hamiltonian and boundary conditions for the valence
	bands of semiconductor microstructures}},
  journal = {Physical Review B},
  year = {1993},
  volume = {48},
  pages = {4964},
  number = {7}
}

@ARTICLE{Gabbay2007a,
  author = {Gabbay, A. and Preezant, Y. and Cohen, E. and Ashkinadze, B.M. and
	Pfeiffer, L.N.},
  title = {Polaritons composed of 2DEG Fermi-edge transitions in a GaAs/AlGaAs
	modulation doped quantum well embedded in a microcavity},
  journal = {AIP Conference Proceedings},
  year = {2007},
  volume = {893},
  pages = {1123},
  number = {1},
  editor = {Wolfgang Jantsch and Friedrich Schaffler},
  publisher = {AIP}
}

@ARTICLE{Gabbay2008,
  author = {Gabbay, A. and Preezant, Y. and Cohen, E. and Ashkinadze, B. M. and
	Pfeiffer, L. N.},
  title = {Effect of valence subband dispersion on near-band-gap transitions
	in $GaAs/Al_{x}Ga_{1-x}As$ quantum wells containing a two-dimensional
	electron gas},
  journal = {Phys. Rev. B},
  year = {2008},
  volume = {77},
  pages = {165329},
  number = {16},
  month = {Apr},
  numpages = {8},
  publisher = {American Physical Society}
}

@ARTICLE{Gabbay2007,
  author = {Gabbay, A. and Preezant, Y. and Cohen, E. and Ashkinadze, B. M. and
	Pfeiffer, L. N.},
  title = {Fermi Edge Polaritons in a Microcavity Containing a High Density
	Two-Dimensional Electron Gas},
  journal = {Phys. Rev. Lett.},
  year = {2007},
  volume = {99},
  pages = {157402},
  number = {15},
  month = {Oct},
  numpages = {4},
  publisher = {American Physical Society}
}

@ARTICLE{Girlanda1995,
  author = {Girlanda, R. and Savasta, S.},
  title = {The particle-photon interaction in systems described by model Hamiltonians
	in second quantization},
  journal = {Solid State Communications},
  year = {1995},
  volume = {96},
  pages = {517},
  owner = {Yossi Michaeli},
  timestamp = {2010.04.15}
}

@BOOK{Glutsch2004,
  title = {{Excitons in low-dimensional semiconductors}},
  publisher = {Springer},
  year = {2004},
  author = {Glutsch, S.}
}

@ARTICLE{Hader2003,
  author = {Hader, J. and Moloney, J. V. and Koch, S. W. and Chow, W. W.},
  title = {{Microscopic modeling of gain and luminescence in semiconductors}},
  journal = {IEEE Journal of Selected Topics in Quantum Electronics},
  year = {2003},
  volume = {9},
  pages = {688},
  number = {3}
}

@BOOK{Ducloy1996,
  title = {Quantum optics of confined systems},
  publisher = {Springer},
  year = {1996},
  editor = {Ducloy, M. and Bloch, D.},
  author = {Haroche, S.},
  pages = {314},
  owner = {Yossi Michaeli},
  timestamp = {2010.04.15}
}

@BOOK{Haroche1984,
  title = {New Trends in Atomic Physics},
  publisher = {North-Holland Physics Pub},
  year = {1984},
  editor = {Grynberg, G. and Stora, R.},
  author = {Haroche, S.},
  owner = {Yossi Michaeli},
  timestamp = {2010.04.15}
}

@BOOK{Harrison2005,
  title = {{Quantum wells, wires and dots: theoretical and computational physics
	of semiconductor nanostructures}},
  publisher = {Wiley-Interscience},
  year = {2005},
  author = {Harrison, P.},
  address = {New York}
}

@BOOK{Haug2009,
  title = {{Quantum theory of the optical and electronic properties of semiconductors}},
  publisher = {World Scientific Pub Co Inc},
  year = {2009},
  author = {Haug, H. and Koch, S. W.},
  edition = {4th}
}

@ARTICLE{Hess1999a,
  author = {Hess, O.},
  title = {{Maxwell-Bloch Equations for Spatially Inhomogeneous Semiconductor
	Lasers}},
  journal = {Physical Review A},
  year = {1999},
  volume = {59},
  pages = {2342}
}

@ARTICLE{Hopfield1958,
  author = {Hopfield, J. J.},
  title = {Theory of the Contribution of Excitons to the Complex Dielectric
	Constant of Crystals},
  journal = {Phys. Rev.},
  year = {1958},
  volume = {112},
  pages = {1555},
  owner = {Yossi Michaeli},
  timestamp = {2010.04.15}
}

@ARTICLE{Huang1990,
  author = {Huang, D. and Chyi, J. I. and Morkoc, H.},
  title = {{Carrier effects on the excitonic absorption in GaAs quantum-well
	structures: Phase-space filling}},
  journal = {Phys. Rev. B},
  year = {1990},
  volume = {42},
  pages = {5147},
  number = {8},
  month = {Sep},
  numpages = {6}
}

@BOOK{Jackson1998,
  title = {{Classical Electrodynamics}},
  publisher = {John Wiley and Sons, Inc.},
  year = {1998},
  author = {Jackson, J. D.},
  edition = {3rd}
}

@ARTICLE{Jaynes1962,
  author = {Jaynes, E. T. and Cummings, F. W.},
  title = {Comparison of Quantum and Semiclassical Radiation Theories with Application
	to the Beam Maser},
  journal = {Proceedings of the IEEE},
  year = {1962},
  volume = {51},
  pages = {89},
  owner = {Yossi Michaeli},
  timestamp = {2010.04.15}
}

@BOOK{kane_handbooksemiconductors_1982,
  title = {{Handbook on semiconductors}},
  publisher = {W.Paul},
  year = {1982},
  author = {Kane, E. O.},
  volume = {1}
}

@ARTICLE{kane_band_1957,
  author = {Kane, E. O.},
  title = {{Band structure of indium antimonide}},
  journal = {Journal of Physics and Chemistry of Solids},
  year = {1957},
  volume = {1},
  pages = {249},
  number = {4},
  issn = {0022-3697}
}

@BOOK{Katz1992,
  title = {Indium Phosphide and Related Materials},
  publisher = {Artech House},
  year = {1992},
  author = {Katz, A.},
  owner = {Yossi Michaeli},
  timestamp = {2010.06.15}
}

@ARTICLE{khitrova_nonlinear_1999,
  author = {Khitrova, G. and Gibbs, H. M. and Jahnke, F. and Kira, M. and Koch,
	S. W.},
  title = {{Nonlinear optics of normal-mode-coupling semiconductor microcavities}},
  journal = {Reviews of Modern Physics},
  year = {1999},
  volume = {71},
  pages = {1591},
  number = {5},
  annote = {Copyright {(C)} 2010 The American Physical Society; Please report
	any problems to prola@aps.org}
}

@ARTICLE{Kira1999,
  author = {Kira, M. and Jahnke, F. and Hoyer, W. and Koch, S. W.},
  title = {{Quantum theory of spontaneous emission and coherent effects in semiconductor
	microstructures}},
  journal = {Progress in Quantum Electronics},
  year = {1999},
  volume = {23},
  pages = {189},
  number = {6},
  issn = {00796727}
}

@ARTICLE{Kleinman1985,
  author = {Kleinman, D. A. and Miller, R. C.},
  title = {Band-gap renormalization in semiconductor quantum wells containing
	carriers},
  journal = {Phys. Rev. B},
  year = {1985},
  volume = {32},
  pages = {2266},
  number = {4},
  month = {Aug},
  numpages = {6},
  publisher = {American Physical Society}
}

@BOOK{Klingshirn2007,
  title = {{Semiconductor optics}},
  publisher = {Springer Verlag},
  year = {2007},
  author = {Klingshirn, C. F.},
  edition = {3rd}
}

@INPROCEEDINGS{koch_microscopic_2002,
  author = {Koch, S. W.},
  title = {{Microscopic Modelling of Gain and Luminescence in Semicinductors}},
  booktitle = {NUSOD-02},
  year = {2002}
}

@ARTICLE{Koch1998,
  author = {Koch, S. W.},
  title = {{Microscopic Theory of Laser Gain in Semiconductor Quantum-Wells}},
  journal = {Applied Physics A},
  year = {1998},
  volume = {66},
  pages = {1}
}

@ARTICLE{Koch1997,
  author = {Koch, S. W.},
  title = {{Multi-Band Bloch Equations and Gain Spectra of Highly Excited II-VI
	Semiconductor Quantum Wells}},
  journal = {Phys. Stat. Sol. B},
  year = {1997},
  volume = {202},
  pages = {725}
}

@ARTICLE{Koch1989,
  author = {Koch, S. W.},
  title = {{Semiconductor Laser Theory with Many-body Effects}},
  journal = {Physical Review A},
  year = {1989},
  volume = {39},
  pages = {1887}
}

@ARTICLE{Koch1999a,
  author = {Koch, S. W. and Hader, J. and Moloney, J. V.},
  title = {{Microscopic Theory of Gain, Absorbtion, and Refractive Index in
	Semiconductor Laser Materials-Influence of Conduction-Band Nonparabolicity
	and Coulomb-Induced Intersubband Coupling}},
  journal = {IEEE Journal of Quantum Electronics},
  year = {1999},
  volume = {35},
  pages = {1878}
}

@ARTICLE{Krebs1999b,
  author = {Krebs, O. and Voisin, P.},
  title = {{Krebs and Voisin Reply:}},
  journal = {Physical Review Letters},
  year = {1999},
  volume = {82},
  pages = {1340},
  number = {6},
  shorttitle = {Krebs and Voisin Reply}
}

@ARTICLE{Krijn1991,
  author = {Krijn, M.},
  title = {Heterojunction Band Offsets and Effective Masses in III-V Quaternary
	Alloys},
  journal = {Semiconductor Science and Technology},
  year = {1991},
  volume = {6},
  pages = {27},
  owner = {Yossi Michaeli},
  timestamp = {2010.06.15}
}

@ARTICLE{Lent1990,
  author = {Lent, C. S. and Kirkner, D. J.},
  title = {{The quantum transmitting boundary method}},
  journal = {Journal of Applied Physics},
  year = {1990},
  volume = {67},
  pages = {6353},
  number = {10},
  issn = {00218979}
}

@ARTICLE{Lindberg1996a,
  author = {Lindberg, M.},
  title = {{Maxwell-Bloch Equations for Spatially Inhomogeneous Semiconductor
	Lasers, Theoretical formulation}},
  journal = {Physical Review A},
  year = {1996},
  volume = {54},
  pages = {3347}
}

@ARTICLE{Lowdin1951a,
  author = {Lowdin, P.},
  title = {{A Note on the Quantum-Mechanical Perturbation Theory}},
  journal = {The Journal of Chemical Physics},
  year = {1951},
  volume = {19},
  pages = {1396},
  number = {11}
}

@ARTICLE{Luo1993,
  author = {Luo, M. S. C. and Chuang, S. L. and Schmitt-Rink, S. and Pinczuk,
	A.},
  title = {{Many-body effects on intersubband spin-density and charge-density
	excitations}},
  journal = {Physical Review B},
  year = {1993},
  volume = {48},
  pages = {11086},
  number = {15},
  publisher = {APS}
}

@ARTICLE{Luttinger1956,
  author = {Luttinger, J. M.},
  title = {{Quantum Theory of Cyclotron Resonance in Semiconductors: General
	Theory}},
  journal = {Physical Review},
  year = {1956},
  volume = {102},
  pages = {1030},
  number = {4},
  shorttitle = {Quantum Theory of Cyclotron Resonance in Semicondu}
}

@ARTICLE{Kohn1955a,
  author = {Luttinger, J. M. and Kohn, W.},
  title = {{Motion of Electrons and Holes in Perturbed Periodic Fields}},
  journal = {Physical Review},
  year = {1955},
  volume = {97},
  pages = {869},
  number = {4}
}

@BOOK{Macleod2001,
  title = {{Thin-Film Optical Filters}},
  publisher = {Institute of Physics Publishing},
  year = {2001},
  author = {Macleod, H. A.},
  edition = {3rd}
}

@BOOK{Mahan2000,
  title = {{Many-particle physics}},
  publisher = {Plenum Pub Corp},
  year = {2000},
  author = {Mahan, G. D.}
}

@ARTICLE{Martin1959a,
  author = {Martin, P. C. and Schwinger, J.},
  title = {{Theory of Many-Particle Systems. I}},
  journal = {Physical Review},
  year = {1959},
  volume = {115},
  pages = {1342},
  number = {6}
}

@ARTICLE{Mollow1969,
  author = {Mollow, B. R.},
  title = {Power Spectrum of Light Scattered by Two-Level Systems},
  journal = {Phys. Rev.},
  year = {1969},
  volume = {188},
  pages = {1969},
  number = {5},
  month = {Dec},
  numpages = {6}
}

@ARTICLE{Morrow1984,
  author = {Morrow, R. A. and Brownstein, K. R.},
  title = {{Model effective-mass Hamiltonians for abrupt heterojunctions and
	the associated wave-function-matching conditions}},
  journal = {Physical Review B},
  year = {1984},
  volume = {30},
  pages = {678},
  number = {2}
}

@ARTICLE{Moss1954,
  author = {Moss, T. S.},
  journal = {Proc. Phys. Soc. London, Sect. B},
  year = {1954},
  volume = {67},
  pages = {775},
  owner = {Yossi Michaeli},
  timestamp = {2010.06.29}
}

@BOOK{Nag1980,
  title = {Electron Transport in Compound Semiconductors},
  publisher = {Springer},
  year = {1980},
  author = {Nag, B.},
  volume = {11},
  series = {Springer Series in Solid-State Sciences},
  owner = {Yossi Michaeli},
  timestamp = {2010.06.15}
}

@BOOK{Ng1995,
  title = {Complete Guide to Semiconductor Devices},
  publisher = {McGraw-Hill},
  year = {1995},
  author = {Ng, K.},
  owner = {Yossi Michaeli},
  timestamp = {2010.06.15}
}

@ARTICLE{Ning1997,
  author = {Ning, C. Z.},
  title = {{Effective Bloch Equations for Semiconductor Lasers and Amplifiers}},
  journal = {IEEE Journal of Quantum Electronics},
  year = {1997},
  volume = {33},
  pages = {1543}
}

@ARTICLE{Pau1995,
  author = {Pau, S. and Bjork, G. and Jacobson, J. and Cao, H. and Yamamoto,
	Y.},
  title = {Microcavity exciton-polariton splitting in the linear regime},
  journal = {Phys. Rev. B},
  year = {1995},
  volume = {51},
  pages = {14437},
  owner = {Yossi Michaeli},
  timestamp = {2010.04.15}
}

@BOOK{Piprek2003,
  title = {{Semiconductor optoelectronic devices: introduction to physics and
	simulation}},
  publisher = {Academic Press},
  year = {2003},
  author = {Piprek, J.},
  shorttitle = {Semiconductor Optoelectronic Devices}
}

@ARTICLE{Quattropani1995,
  author = {Quattropani, A. and Schwendimann, P. and Savona, V. and Andreani,
	L. C.},
  title = {{Quantum well excitons in semiconductor microcavities: Unified treatment
	of weak and strong coupling regimes}},
  journal = {Solid State Communications},
  year = {1995},
  volume = {93},
  pages = {733},
  number = {9},
  issn = {0038-1098},
  shorttitle = {Quantum well excitons in semiconductor microcaviti}
}

@BOOK{Raimond1996,
  title = {Quantum optics of confined systems},
  publisher = {Springer},
  year = {1996},
  editor = {Ducloy, M. and Bloch, D.},
  author = {Raimond, M.},
  pages = {314},
  owner = {Yossi Michaeli},
  timestamp = {2010.04.15}
}

@PHDTHESIS{Ramon2002,
  author = {Ramon, G.},
  title = {{Polariton-Electron Scattering in Microcavities with Embedded Quantum
	Wells}},
  school = {Physics Dept., Technion - Israel Institute of Technology},
  year = {2002},
  month = {July},
  owner = {Yossi Michaeli},
  timestamp = {2011.03.19}
}

@PHDTHESIS{Rapaport2001,
  author = {Rapaport, R.},
  title = {{Electron-Polariton Interaction in Semiconductor Microcavity}},
  school = {Physics Dept., Technion - Israel Institute of Technology},
  year = {2001},
  month = {May},
  owner = {Yossi Michaeli},
  timestamp = {2010.09.08}
}

@ARTICLE{ren_valence-band_1999,
  author = {Ren, G. B. and Liu, Y. M. and Blood, P.},
  title = {{Valence-band structure of wurtzite GaN including the spin-orbit
	interaction}},
  journal = {Applied Physics Letters},
  year = {1999},
  volume = {74},
  pages = {1117},
  number = {8},
  issn = {00036951}
}

@ARTICLE{Rodina2006,
  author = {Rodina, A.V. and Alekseev, A.Y.},
  title = {{Least-action principle for envelope functions in abrupt heterostructures}},
  journal = {Physical Review B},
  year = {2006},
  volume = {73},
  pages = {115312},
  number = {11},
  publisher = {APS}
}

@ARTICLE{Sanders1987,
  author = {Sanders, G. D. and Chang, Y. C.},
  title = {{Theory of photoabsorption in modulation-doped semiconductor quantum
	wells}},
  journal = {Phys. Rev. B},
  year = {1987},
  volume = {35},
  pages = {1300},
  number = {3},
  month = {Jan},
  numpages = {15}
}

@BOOK{Savona1999,
  title = {Confined Photon Systems: Fundamentals and Applications (Lecture Notes
	in Physics)},
  publisher = {Springer},
  year = {1999},
  editor = {Benisty, H. and Gerard, J. M. and Houdre, R.},
  author = {Savona, V.},
  pages = {496},
  owner = {Yossi Michaeli},
  timestamp = {2010.04.15}
}

@ARTICLE{Savona1995,
  author = {Savona, V. and Andreani, L. C. and Schwendimann, P. and Quattropani,
	A.},
  title = {Quantum well excitons in semiconductor microcavities: Unified treatment
	of weak and strong coupling regimes},
  journal = {Solid State Communications},
  year = {1995},
  volume = {93},
  pages = {733},
  owner = {Yossi Michaeli},
  timestamp = {2010.04.15}
}

@ARTICLE{savona_exact_1995,
  author = {Savona, V. and Tassone, F.},
  title = {{Exact quantum calculation of polariton Dispersion in semiconductor
	microcavities}},
  journal = {Solid State Communications},
  year = {1995},
  volume = {95},
  pages = {673}
}

@BOOK{Schafer2002,
  title = {{Semiconductor optics and transport phenomena}},
  publisher = {Springer Verlag},
  year = {2002},
  author = {Schafer, W. and Wegener, M.},
  edition = {1}
}

@ARTICLE{Schmitt-Rink1986,
  author = {Schmitt-Rink, S.},
  title = {{Many-Body Effects in the Absorbtion, Gain and Luminescence Spectra
	of Semiconductor Quantum-Well Structures}},
  journal = {Physical Review B},
  year = {1986},
  volume = {33},
  pages = {1183}
}

@ARTICLE{Schmitt-Rink1989,
  author = {Schmitt-Rink, S. and Chemla, D. S. and Miller, D. A. B.},
  title = {Linear and nonlinear optical properties of semiconductor quantum
	wells},
  journal = {Advances in Physics},
  year = {1989},
  volume = {38},
  pages = {89},
  owner = {Yossi Michaeli},
  timestamp = {2010.06.29}
}

@BOOK{Schubert1993,
  title = {Doping in III-V Semiconductors},
  publisher = {Cambridge University Press},
  year = {1993},
  author = {Schubert, E.},
  owner = {Yossi Michaeli},
  timestamp = {2010.06.15}
}

@BOOK{Schubert1996,
  title = {{Delta-doping of semiconductors}},
  publisher = {Cambridge University Press},
  year = {1996},
  author = {Schubert, E. F.},
  pages = {616}
}

@BOOK{Seeger2004,
  title = {{Semiconductor physics}},
  publisher = {Springer},
  year = {2004},
  author = {Seeger, K.}
}

@BOOK{Shur1987,
  title = {GaAs Devices and Circuits},
  publisher = {Plenum Press},
  year = {1987},
  author = {Shur, M.},
  owner = {Yossi Michaeli},
  timestamp = {2010.06.15}
}

@BOOK{Singh2003,
  title = {{Electronic and optoelectronic properties of semiconductor structures}},
  publisher = {Cambridge University Press},
  year = {2003},
  author = {Singh, J.},
  pages = {532}
}

@BOOK{Singh1993,
  title = {Physics of Semiconductors and their Heterostructures},
  publisher = {McGraw Hill},
  year = {1993},
  author = {Singh, J.},
  owner = {Yossi Michaeli},
  timestamp = {2010.06.15}
}

@ARTICLE{Skolnick1998,
  author = {Skolnick, M. S. and Fisher, T. A. and Whittaker, D. M.},
  title = {Strong coupling phenomena in quantum microcavity structures},
  journal = {Semiconductor Science and Technology},
  year = {1998},
  volume = {13},
  pages = {645},
  owner = {Yossi Michaeli},
  timestamp = {2010.04.15}
}

@BOOK{Sze1981,
  title = {Physics of Semiconductor Devices},
  publisher = {Wiley},
  year = {1981},
  author = {Sze, S.},
  owner = {Yossi Michaeli},
  timestamp = {2010.06.15}
}

@BOOK{Tiwari1992,
  title = {Compound Semiconductor Device Physics},
  publisher = {Academic Press},
  year = {1992},
  author = {Tiwari, S.},
  owner = {Yossi Michaeli},
  timestamp = {2010.06.15}
}

@ARTICLE{Varshni1967,
  author = {Varshni, Y.},
  title = {Temperature Dependence of the Energy Gap in Semiconductors},
  journal = {Physica},
  year = {1967},
  volume = {34},
  pages = {149},
  owner = {Yossi Michaeli},
  timestamp = {2010.06.15}
}

@ARTICLE{Veprek2008,
  author = {Veprek, R. G. and Steiger, S. and Witzigmann, B.},
  title = {{Operator ordering, ellipticity and spurious solutions in k.p calculations
	of III-nitride nanostructures}},
  journal = {Optical and Quantum Electronics},
  year = {2008},
  volume = {40},
  pages = {1169},
  number = {14},
  publisher = {Springer}
}

@ARTICLE{Wang1992,
  author = {Wang, P. and Holmes, S. and Le, T. and Stradling, R. and Ferguson,
	I. and de Oliveira, A.},
  title = {Electrical and Magneto-Optical Studies of MBE InAs on GaAs},
  journal = {Semiconductor Science and Technology},
  year = {1992},
  volume = {7},
  pages = {767},
  owner = {Yossi Michaeli},
  timestamp = {2010.06.15}
}

@ARTICLE{Weisbuch1992,
  author = {Weisbuch, C. and Nishioka, M. and Ishikawa, A. and Arakawa, Y.},
  title = {Observation of the coupled exciton-photon mode splitting in a semiconductor
	quantum microcavity},
  journal = {Phys. Rev. Lett.},
  year = {1992},
  volume = {69},
  pages = {3314},
  owner = {Yossi Michaeli},
  timestamp = {2010.04.15}
}

@BOOK{Yamamoto2000,
  title = {{Semiconductor cavity quantum electrodynamics}},
  publisher = {Springer Verlag},
  year = {2000},
  author = {Yamamoto, Y. and Tassone, F. and Cao, H.},
  edition = {1}
}

@ARTICLE{Yokoyama1990,
  author = {Yokoyama, H. and Nishi, K. and Anan, T. and Yamada, H. and Brorson,
	S. D. and Ippen, E. P.},
  title = {Enhanced spontaneous emission from GaAs quantum wells in monolithic
	microcavities},
  journal = {Applied Physics Letters},
  year = {1990},
  volume = {57},
  pages = {2814},
  owner = {Yossi Michaeli},
  timestamp = {2010.04.15}
}

@BOOK{Yu2005,
  title = {{Fundamentals of semiconductors: physics and materials properties}},
  publisher = {Springer Verlag},
  year = {2005},
  author = {Yu, P. Y. and Cardona, M.},
  edition = {2nd},
  shorttitle = {Fundamentals of Semiconductors}
}

@ARTICLE{Zhu1990,
  author = {Zhu, Y. and Gauthier, D. J. and Morin, S. E. and Wu, Q. and Carmichael,
	H. J. and Mossberg, T. W.},
  title = {Vacuum Rabi splitting as a feature of linear-dispersion theory: Analysis
	and experimental observations},
  journal = {Phys. Rev. Lett.},
  year = {1990},
  volume = {64},
  pages = {2499},
  owner = {Yossi Michaeli},
  timestamp = {2010.04.15}
}

@BOOK{Zory1993,
  title = {{Quantum well lasers}},
  publisher = {Academic Press},
  year = {1993},
  author = {Zory, P. S.}
}

@PROCEEDINGS{Bhattacharya1993,
  title = {Properties of Lattice-Matched and Strained Indium Gallium Arsenide},
  year = {1993},
  editor = {Bhattacharya, P.},
  volume = {8},
  series = {EMIS Datareviews Series},
  owner = {Yossi Michaeli},
  timestamp = {2010.06.15}
}

@BOOK{Burstein1995,
  title = {Confined Electrons and Photons: New Physics and Applications},
  publisher = {NATO Science Series B: Physics},
  year = {1995},
  editor = {Burstein, E. and Weisbuch, C.},
  owner = {Yossi Michaeli},
  timestamp = {2011.04.16}
}

